@article{MAL-013,
  url = {http://dx.doi.org/10.1561/2200000013},
  year = {2012},
  volume = {4},
  journal = {Foundations and TrendsÂ® in Machine Learning},
  title = {An Introduction to Conditional Random Fields},
  doi = {10.1561/2200000013},
  issn = {1935-8237},
  number = {4},
  pages = {267-373},
  author = {Charles Sutton and Andrew McCallum}
}

@inproceedings{mccallum-li-2003-early,
    title = "Early results for Named Entity Recognition with Conditional Random Fields, Feature Induction and Web-Enhanced Lexicons",
    author = "McCallum, Andrew  and
      Li, Wei",
    booktitle = "Proceedings of the Seventh Conference on Natural Language Learning at {HLT}-{NAACL} 2003",
    year = "2003",
    url = "https://aclanthology.org/W03-0430",
    pages = "188--191",
}

@article{DBLP:journals/corr/HuangXY15,
  author    = {Zhiheng Huang and
               Wei Xu and
               Kai Yu},
  title     = {Bidirectional {LSTM-CRF} Models for Sequence Tagging},
  journal   = {CoRR},
  volume    = {abs/1508.01991},
  year      = {2015},
  url       = {http://arxiv.org/abs/1508.01991},
  eprinttype = {arXiv},
  eprint    = {1508.01991},
  timestamp = {Tue, 15 Sep 2020 18:57:32 +0200},
  biburl    = {https://dblp.org/rec/journals/corr/HuangXY15.bib},
  bibsource = {dblp computer science bibliography, https://dblp.org}
}

@inproceedings{lample-etal-2016-neural,
    title = "Neural Architectures for Named Entity Recognition",
    author = "Lample, Guillaume  and
      Ballesteros, Miguel  and
      Subramanian, Sandeep  and
      Kawakami, Kazuya  and
      Dyer, Chris",
    booktitle = "Proceedings of the 2016 Conference of the North {A}merican Chapter of the Association for Computational Linguistics: Human Language Technologies",
    month = jun,
    year = "2016",
    address = "San Diego, California",
    publisher = "Association for Computational Linguistics",
    url = "https://aclanthology.org/N16-1030",
    doi = "10.18653/v1/N16-1030",
    pages = "260--270",
}

@inproceedings{yadav-bethard-2018-survey,
    title = "A Survey on Recent Advances in Named Entity Recognition from Deep Learning models",
    author = "Yadav, Vikas  and
      Bethard, Steven",
    booktitle = "Proceedings of the 27th International Conference on Computational Linguistics",
    month = aug,
    year = "2018",
    address = "Santa Fe, New Mexico, USA",
    publisher = "Association for Computational Linguistics",
    url = "https://aclanthology.org/C18-1182",
    pages = "2145--2158",
}

@inproceedings{li-etal-2020-dice,
    title = "Dice Loss for Data-imbalanced {NLP} Tasks",
    author = "Li, Xiaoya  and
      Sun, Xiaofei  and
      Meng, Yuxian  and
      Liang, Junjun  and
      Wu, Fei  and
      Li, Jiwei",
    booktitle = "Proceedings of the 58th Annual Meeting of the Association for Computational Linguistics",
    month = jul,
    year = "2020",
    address = "Online",
    publisher = "Association for Computational Linguistics",
    url = "https://aclanthology.org/2020.acl-main.45",
    doi = "10.18653/v1/2020.acl-main.45",
    pages = "465--476",
}

@inproceedings{laffertyCrf,
  acmid = {655813},
  added-at = {2012-10-26T11:46:30.000+0200},
  address = {San Francisco, CA, USA},
  author = {Lafferty, John D. and McCallum, Andrew and Pereira, Fernando C. N.},
  biburl = {https://www.bibsonomy.org/bibtex/2180c5d6097317fa1b19ca8df75341230/jil},
  booktitle = {Proceedings of the Eighteenth International Conference on Machine Learning},
  description = {Conditional Random Fields},
  interhash = {574c59001ecc3aa04850e1751d96c137},
  intrahash = {180c5d6097317fa1b19ca8df75341230},
  isbn = {1-55860-778-1},
  keywords = {bias conditional crf field fields random state},
  numpages = {8},
  pages = {282--289},
  publisher = {Morgan Kaufmann Publishers Inc.},
  series = {ICML '01},
  timestamp = {2013-11-23T20:11:51.000+0100},
  title = {Conditional Random Fields: Probabilistic Models for Segmenting and Labeling Sequence Data},
  url = {http://dl.acm.org/citation.cfm?id=645530.655813},
  year = 2001
}

@article{forney1973viterbi,
  title={The viterbi algorithm},
  author={Forney, G David},
  journal={Proceedings of the IEEE},
  volume={61},
  number={3},
  pages={268--278},
  year={1973},
  publisher={Ieee}
}
