% Use this file for citations not found in the ACL Anthology (contained in "anthology.bib").

@inproceedings{laffertyCrf,
  acmid = {655813},
  added-at = {2012-10-26T11:46:30.000+0200},
  address = {San Francisco, CA, USA},
  author = {Lafferty, John D. and McCallum, Andrew and Pereira, Fernando C. N.},
  biburl = {https://www.bibsonomy.org/bibtex/2180c5d6097317fa1b19ca8df75341230/jil},
  booktitle = {Proceedings of the Eighteenth International Conference on Machine Learning},
  description = {Conditional Random Fields},
  interhash = {574c59001ecc3aa04850e1751d96c137},
  intrahash = {180c5d6097317fa1b19ca8df75341230},
  isbn = {1-55860-778-1},
  keywords = {bias conditional crf field fields random state},
  numpages = {8},
  pages = {282--289},
  publisher = {Morgan Kaufmann Publishers Inc.},
  series = {ICML '01},
  timestamp = {2013-11-23T20:11:51.000+0100},
  title = {Conditional Random Fields: Probabilistic Models for Segmenting and Labeling Sequence Data},
  url = {http://dl.acm.org/citation.cfm?id=645530.655813},
  year = 2001
}

@article{MAL-013,
url = {http://dx.doi.org/10.1561/2200000013},
year = {2012},
volume = {4},
journal = {Foundations and TrendsÂ® in Machine Learning},
title = {An Introduction to Conditional Random Fields},
doi = {10.1561/2200000013},
issn = {1935-8237},
number = {4},
pages = {267-373},
author = {Charles Sutton and Andrew McCallum}
}

@inproceedings{mccallum-li-2003-early,
    title = "Early results for Named Entity Recognition with Conditional Random Fields, Feature Induction and Web-Enhanced Lexicons",
    author = "McCallum, Andrew  and
      Li, Wei",
    booktitle = "Proceedings of the Seventh Conference on Natural Language Learning at {HLT}-{NAACL} 2003",
    year = "2003",
    url = "https://aclanthology.org/W03-0430",
    pages = "188--191",
}

@InProceedings{pawsx2019emnlp,
  title = {{PAWS-X: A Cross-lingual Adversarial Dataset for Paraphrase Identification}},
  author = {Yang, Yinfei and Zhang, Yuan and Tar, Chris and Baldridge, Jason},
  booktitle = {Proc. of EMNLP},
  year = {2019}
}

@inproceedings{li-etal-2020-dice,
    title = "Dice Loss for Data-imbalanced {NLP} Tasks",
    author = "Li, Xiaoya  and
      Sun, Xiaofei  and
      Meng, Yuxian  and
      Liang, Junjun  and
      Wu, Fei  and
      Li, Jiwei",
    booktitle = "Proceedings of the 58th Annual Meeting of the Association for Computational Linguistics",
    month = jul,
    year = "2020",
    address = "Online",
    publisher = "Association for Computational Linguistics",
    url = "https://aclanthology.org/2020.acl-main.45",
    doi = "10.18653/v1/2020.acl-main.45",
    pages = "465--476",
}

@inproceedings{rush-2018-annotated,
    title = "The Annotated Transformer",
    author = "Rush, Alexander",
    booktitle = "Proceedings of Workshop for {NLP} Open Source Software ({NLP}-{OSS})",
    month = jul,
    year = "2018",
    address = "Melbourne, Australia",
    publisher = "Association for Computational Linguistics",
    url = "https://aclanthology.org/W18-2509",
    doi = "10.18653/v1/W18-2509",
    pages = "52--60",
}

@inproceedings{devlin-etal-2019-bert,
    title = "{BERT}: Pre-training of Deep Bidirectional Transformers for Language Understanding",
    author = "Devlin, Jacob  and
      Chang, Ming-Wei  and
      Lee, Kenton  and
      Toutanova, Kristina",
    booktitle = "Proceedings of the 2019 Conference of the North {A}merican Chapter of the Association for Computational Linguistics: Human Language Technologies, Volume 1 (Long and Short Papers)",
    month = jun,
    year = "2019",
    address = "Minneapolis, Minnesota",
    publisher = "Association for Computational Linguistics",
    url = "https://aclanthology.org/N19-1423",
    doi = "10.18653/v1/N19-1423",
    pages = "4171--4186",
}

@inproceedings{NIPS2017_3f5ee243,
 author = {Vaswani, Ashish and Shazeer, Noam and Parmar, Niki and Uszkoreit, Jakob and Jones, Llion and Gomez, Aidan N and Kaiser, \L ukasz and Polosukhin, Illia},
 booktitle = {Advances in Neural Information Processing Systems},
 editor = {I. Guyon and U. V. Luxburg and S. Bengio and H. Wallach and R. Fergus and S. Vishwanathan and R. Garnett},
 pages = {},
 publisher = {Curran Associates, Inc.},
 title = {Attention is All you Need},
 url = {https://proceedings.neurips.cc/paper/2017/file/3f5ee243547dee91fbd053c1c4a845aa-Paper.pdf},
 volume = {30},
 year = {2017}
}

@article{hochreiter1997long,
  title={Long short-term memory},
  author={Hochreiter, Sepp and Schmidhuber, J{\"u}rgen},
  journal={Neural computation},
  volume={9},
  number={8},
  pages={1735--1780},
  year={1997},
  publisher={MIT Press}
}

@MISC{Tutschku95recurrentmultilayer,
    author = {K. Tutschku},
    title = {Recurrent Multilayer Perceptrons for Identification and Control: The Road to Applications},
    year = {1995}
}
